@article{Orda1990,
 author = {Orda, Ariel and Rom, Raphael},
 title = {Shortest-path and minimum-delay algorithms in networks with time-dependent edge-length},
 journal = {J. ACM},
 volume = {37},
 number = {3},
 year = {1990},
 issn = {0004-5411},
 pages = {607--625},
 doi = {http://doi.acm.org/10.1145/79147.214078},
 publisher = {ACM},
 address = {New York, NY, USA},
 }

@ARTICLE{Ahuja2003,
    author = {Ravindra K. Ahuja and James B. Orlin and Stefano Pallottino and Maria G. Scutellà},
    title = {Dynamic shortest paths minimizing travel times and costs},
    journal = {Networks},
    year = {2003},
    volume = {41},
    pages = {205}
}

%% hal-00485787, version 1
%% http://hal.archives-ouvertes.fr/hal-00485787/en/
@unpublished{Lesauvage2009,
    HAL_ID = {hal-00485787},
    URL = {http://hal.archives-ouvertes.fr/hal-00485787/en/},
    title = { {G}estion dynamique des activit{\'e}s des chariots cavaliers sur un terminal portuaire {\`a} conteneurs en environnement incertain : approche par intelligence collective},
    author = {{L}esauvage, {G}a{\"e}tan},
    abstract = {{T}he {CALAS} project consists in a laser measure system allowing to localize precisely straddle carriers in a container terminal. {T}he information given by such a tool makes an optimization possible. {A} box terminal is an open system subject to dynamics, in which many events can occur. {A}mong others, they concern container arrivals and departures. {W}e aim to optimize the straddle carrier handling in order to improve the terminal management. {T}he exact state of the system is unknown. {T}he optimization process that we try to build must be fail-safe and adaptive. {I}n this context, we propose an approach using a meta-heuristic based on {A}nt {C}olony to resolve the problem of assigning missions to straddle carriers. {W}e built a simulator which is able to test and to compare different scheduling policies.},
    keywords = {intelligence collective; colonies de fourmis color{\'e}es;graphe dynamique; optimisation multi-crit{\`e}res; probl{\`e}me dynamique de ramassage et de livraison avec fen{\^e}tre de temps},
    language = {{F}rench},
    affiliation = {{L}aboratoire d'{I}nformatique, de {T}raitement de l'{I}nformation et des {S}yst{\`e}mes - {LITIS} - {I}nstitut {N}ational des {S}ciences {A}ppliqu{\'e}es de {R}ouen - {U}niversit{\'e} du {H}avre - {U}niversit{\'e} de {R}ouen : {EA}4108 },
    pages = {http://majecstic2009.univ-avignon.fr/ },
    note = {8p {A}ctes en ligne de la conf{\'e}rence {M}ajec{STIC} 2009 },
    collaboration = {{CALAS} },
    day = {18},
    month = {11},
    year = {2009},
    URL = {http://hal.archives-ouvertes.fr/hal-00485787/PDF/Gestion_dynamique_des_activites_des_chariots_cavaliers.pdf},
}
