@article{Orda90,
 author = {Orda, Ariel and Rom, Raphael},
 title = {Shortest-path and minimum-delay algorithms in networks with time-dependent edge-length},
 journal = {J. ACM},
 volume = {37},
 number = {3},
 year = {1990},
 issn = {0004-5411},
 pages = {607--625},
 doi = {http://doi.acm.org/10.1145/79147.214078},
 publisher = {ACM},
 address = {New York, NY, USA},
 }

@unpublished{lesauvageMajestic09,
    HAL_ID = {hal-00485787},
    URL = {http://hal.archives-ouvertes.fr/hal-00485787/en/},
    title = { {G}estion dynamique des activit{\'e}s des chariots cavaliers sur un terminal portuaire {\`a} conteneurs en environnement incertain : approche par intelligence collective},
    author = {{L}esauvage, {G}a{\"e}tan},
    abstract = {{T}he {CALAS} project consists in a laser measure system allowing to localize precisely straddle carriers in a container terminal. {T}he information given by such a tool makes an optimization possible. {A} box terminal is an open system subject to dynamics, in which many events can occur. {A}mong others, they concern container arrivals and departures. {W}e aim to optimize the straddle carrier handling in order to improve the terminal management. {T}he exact state of the system is unknown. {T}he optimization process that we try to build must be fail-safe and adaptive. {I}n this context, we propose an approach using a meta-heuristic based on {A}nt {C}olony to resolve the problem of assigning missions to straddle carriers. {W}e built a simulator which is able to test and to compare different scheduling policies.},
    keywords = {intelligence collective; colonies de fourmis color{\'e}es;graphe dynamique; optimisation multi-crit{\`e}res; probl{\`e}me dynamique de ramassage et de livraison avec fen{\^e}tre de temps},
    language = {{F}rench},
    affiliation = {{L}aboratoire d'{I}nformatique, de {T}raitement de l'{I}nformation et des {S}yst{\`e}mes - {LITIS} - {I}nstitut {N}ational des {S}ciences {A}ppliqu{\'e}es de {R}ouen - {U}niversit{\'e} du {H}avre - {U}niversit{\'e} de {R}ouen : {EA}4108 },
    pages = {http://majecstic2009.univ-avignon.fr/ },
    note = {8p {A}ctes en ligne de la conf{\'e}rence {M}ajec{STIC} 2009 },
    collaboration = {{CALAS} },
    day = {18},
    month = {11},
    year = {2009},
    URL = {http://hal.archives-ouvertes.fr/hal-00485787/PDF/Gestion_dynamique_des_activites_des_chariots_cavaliers.pdf},
}

@InProceedings{ bertelle02,
	author = "C. Bertelle and A. Dutot and F. Guinand and D. Olivier",
	title = "Distribution of Agent Based Simulation with Colored Ant Algorihm",
	booktitle = "14th European Simulation Symposium",
	year = "2002"
}

@INPROCEEDINGS{graphstream,
  AUTHOR = {Antoine Dutot and Fr\'{e}d\'{e}ric Guinand and Damien Olivier and Yoann Pign\'{e}},
  TITLE = {GraphStream: A Tool for bridging the gap between Complex Systems and Dynamic Graphs},
  BOOKTITLE = {EPNACS: Emergent Properties in Natural and Artificial Complex Systems},
  YEAR = {2007},
  OWNER = {yoann},
  TIMESTAMP = {2008.03.13}
}

%% hal-00485630, version 1
%% http://hal.archives-ouvertes.fr/hal-00485630/en/
@inproceedings{lesauvageICCSA2009,
    HAL_ID = {hal-00485630},
    URL = {http://hal.archives-ouvertes.fr/hal-00485630/en/},
    title = { {D}ynamical {H}andling of {S}traddle {C}arriers {A}ctivities on a {C}ontainer {T}erminal in {U}ncertain {E}nvironment - {A} {S}warm {I}ntelligence approach -},
    author = {{B}alev, {S}tefan and {G}uinand, {F}r{\'e}d{\'e}ric and {L}esauvage, {G}a{\"e}tan and {O}livier, {D}.},
    abstract = {{T}he {CALAS} project consists in a laser measure system allowing to localize precisely straddle carriers in a container terminal. {T}he information given by such a tool makes an optimization possible. {I}n fact, a box terminal is an open system subject to dynamics, in which many events can occur. {A}mong others, they concern container arrivals and departures. {W}ithin the terminal, straddle carriers are trucks which are able to carry one container at a time in order to move it through the terminal. {W}e aim to optimize the straddle carrier handling in order to improve the terminal management. {M}oreover, missions come into the system in an unpredictable way and straddle carriers are handled by humans. {T}hey can choose to follow the schedule or not. {F}or these reasons, the exact state of the system is unknown. {T}he optimization process that we try to build must be fail-safe and adaptive. {I}n this context, we propose an approach using a meta-heuristic based on {A}nt {C}olony to resolve the problem of assigning missions to straddle carriers. {W}e built a simulator which is able to test and to compare different scheduling policies.},
    keywords = {swarm intelligence;colored ant colony system;dynamic graph;multiple criteria optimization;vehicle routing problem;container terminal},
    language = {{A}nglais},
    affiliation = {{L}aboratoire d'{I}nformatique, de {T}raitement de l'{I}nformation et des {S}yst{\`e}mes - {LITIS} - {I}nstitut {N}ational des {S}ciences {A}ppliqu{\'e}es de {R}ouen - {U}niversit{\'e} du {H}avre - {U}niversit{\'e} de {R}ouen : {EA}4108 },
    booktitle = {{ICCSA} 2009 {T}he 3rd {I}nternational {C}onference on {C}omplex {S}ystems and {A}pplications {ICCSA} 2009 },
    pages = {290 },
    address = {{L}e {H}avre {F}rance },
    volume = {2 },
    note = {7p },
    audience = {internationale },
    collaboration = {{CALAS} },
    day = {29},
    month = {06},
    year = {2009},
    URL = {http://hal.archives-ouvertes.fr/hal-00485630/PDF/dynamical_handling_of_SC_activities.pdf},
}
