@Article{Berbeglia07,
author = {G. Berbeglia and J.-F. Cordeau and I. Gribkovskaia and G. Laporte},
title = {Static Pickup and Delivery Problems: A Classification Scheme and survey},
journal = {TOP},
year = {2007},
OPTvolume = {15}
OPTpages = {1-31}
OPTurl = {http://dx.doi.org/10.1007/s11750-007-0009-0}
}

@InProceedings{Bertelle02,
author = {C. Bertelle and A. Dutot and F. Guinand and D. Olivier},
title = {Distribution of Agent Based Simulation with Colored Ant Algorihm},
booktitle = {14th European Simulation Symposium},
year = {2002}
}

@PhdThesis{Dorigo91,
author = {M. Dorigo},
title = {Learning and Natural Algorithms},
school = {Politecnico di Milano, Italie},
year = {1992}
}

@INPROCEEDINGS{Dutot2007,
  AUTHOR = {Antoine Dutot and Fr\'{e}d\'{e}ric Guinand and Damien Olivier and Yoann Pign\'{e}},
  TITLE = {GraphStream: A Tool for bridging the gap between Complex Systems and Dynamic Graphs},
  BOOKTITLE = {EPNACS: Emergent Properties in Natural and Artificial Complex Systems},
  YEAR = {2007},
  OWNER = {yoann},
  TIMESTAMP = {2008.03.13}
}

@PhdThesis{Larsen00,
author = {A. Larsen},
title = {The Vehicle Routing Problem},
school = {Department of Mathematical Modelling, Technical University of Denmark},
year = {2000}
}

@PhdThesis{Mitrovic01,
author = {Snezana Mitrovic-Minic},
title = {The dynamic pickup and delivery problem with time windows},
school = {Simon Fraser University},
year = {2001},
}

